@article{Actormodel,
  author    = {Carl Hewitt},
  title     = {Actor Model for Discretionary, Adaptive Concurrency},
  journal   = {CoRR},
  volume    = {abs/1008.1459},
  year      = {2010},
  url       = {http://arxiv.org/abs/1008.1459},
  timestamp = {Mon, 05 Dec 2011 18:05:27 +0100},
  biburl    = {http://dblp.uni-trier.de/rec/bib/journals/corr/abs-1008-1459},
  bibsource = {dblp computer science bibliography, http://dblp.org}
}

@misc{Elixir,
  title = {Elixir homepage},
  howpublished = {\url{http://elixir-lang.org}},
  note = {Accessed: 2017-05-04}
}

@misc{Erlang,
  title = {Erlang homepage},
  howpublished = {\url{https://www.erlang.org/}},
  note = {Accessed: 2017-05-04}
}

@misc{supervisord,
  title = {Supervisord homepage},
  howpublished = {\url{http://supervisord.org/}},
  note = {Accessed: 2017-05-05}
}

@misc{microservices,
  title = {Martin Fowler on microservices},
  howpublished = {\url{https://martinfowler.com/articles/microservices.html}},
  note = {Accessed: 2017-05-05}
}

@misc{MPI,
  title = {Message Passing Interface, OpenMPI implementation},
  howpublished = {\url{https://www.open-mpi.org/}},
  note = {Accessed: 2017-05-16}
}


@misc{OpenMP,
  title = {OpenMP website},
  howpublished = {\url{http://www.openmp.org/}},
  note = {Accessed: 2017-05-16}
}


@misc{ParallelismConcurrency,
  title = {Parallelism vs Concurrency after HaskellWiki},
  howpublished = {\url{https://wiki.haskell.org/Parallelism_vs._Concurrency}},
  note = {Accessed: 2017-05-16}
}
